@book{carrol,
  title     = {Spacetime and geometry: an introduction to general relativity},
  author    = {Sean Carrol},
  isbn      = {978-1108488396},
  year      = {2019},
  publisher = {Cambridge University Press}
}

@online{wik,
  title = {Derivation of the Schwarzschild solution},
  url   = {https://en.wikipedia.org/wiki/Derivation_of_the_Schwarzschild_solution}
}

@book{cas,
  author = {Roberto Casadio},
  title  = {Elements of General Relativity},
  year   = {2022}
}
